# Financial Anomalies

The repository is on-going project related to the financial anomalies:

| Year | Authors | Title | Journal |
|----------------------------------|
|2021|Chen, Andrew Y., and Tom Zimmermann|Open source cross-sectional asset pricing.| Critical Finance Review|
|2020|Hou, Kewei, Chen Xue, and Lu Zhang|Replicating anomalies.|The Review of financial studies|
|2016| McLean, R. David, and Jeffrey Pontiff| Does academic research destroy stock return predictability?| The Journal of Finance|
|2017|Green, Jeremiah, John RM Hand, and X. Frank Zhang| The characteristics that provide independent information about average US monthly stock returns.| The Review of Financial Studies|
|2016| Campbell R. Harvey, Yan Liu, Heqing Zhu.| â€¦ and the Cross-Section of Expected Returns| The Review of Financial Studies|