@article{fama1973risk,
  title     = {Risk, return, and equilibrium: Empirical tests},
  author    = {Fama, Eugene F and MacBeth, James D},
  journal   = {Journal of political economy},
  volume    = {81},
  number    = {3},
  pages     = {607--636},
  year      = {1973},
  publisher = {The University of Chicago Press}
}

@article{black1972capital,
  title     = {Capital market equilibrium with restricted borrowing},
  author    = {Black, Fischer},
  journal   = {The Journal of business},
  volume    = {45},
  number    = {3},
  pages     = {444--455},
  year      = {1972},
  publisher = {JSTOR}
}

@article{gupta1975investors,
  title     = {INVESTORS'EXPECTATIONS OF EARNINGS GROWTH, THEIR ACCURACY AND EFFECTS ON THE STRUCTURE OF REALIZED RATES OF RETURN},
  author    = {Gupta, Manak C and Ofer, Aharon R},
  journal   = {The Journal of Finance},
  volume    = {30},
  number    = {2},
  pages     = {509--523},
  year      = {1975},
  publisher = {Wiley Online Library}
}
